@inproceedings{gildea2007optimizing,
  title={Optimizing grammars for minimum dependency length},
  author={Gildea, Daniel and Temperley, David},
  booktitle={ANNUAL MEETING-ASSOCIATION FOR COMPUTATIONAL LINGUISTICS},
  volume={45},
  number={1},
  pages={184},
  year={2007}
}

@article{wiechmann2013domain,
  title={Domain minimization and beyond: Modeling prepositional phrase ordering},
  author={Wiechmann, Daniel and Lohmann, Arne},
  journal={Language Variation and Change},
  volume={25},
  number={1},
  pages={65--88},
  year={2013},
  publisher={Cambridge University Press}
}

@article{temperley2007minimization,
  title={Minimization of dependency length in written English},
  author={Temperley, David},
  journal={Cognition},
  volume={105},
  number={2},
  pages={300--333},
  year={2007},
  publisher={Elsevier}
}

@article{gibson1998linguistic,
  title={Linguistic complexity: Locality of syntactic dependencies},
  author={Gibson, Edward},
  journal={Cognition},
  volume={68},
  number={1},
  pages={1--76},
  year={1998},
  publisher={Elsevier}
}

@article{keenan1977noun,
  title={Noun phrase accessibility and universal grammar},
  author={Keenan, Edward L and Comrie, Bernard},
  journal={Linguistic inquiry},
  volume={8},
  number={1},
  pages={63--99},
  year={1977},
  publisher={JSTOR}
}

@book{kuvcera1967computational,
  title={Computational analysis of present-day American English},
  author={Ku{\v{c}}era, Henry and Francis, Winthrop Nelson},
  year={1967},
  publisher={Dartmouth Publishing Group}
}

@article{yamashita2001long,
  title={“Long before short” preference in the production of a head-final language},
  author={Yamashita, Hiroko and Chang, Franklin},
  journal={Cognition},
  volume={81},
  number={2},
  pages={B45--B55},
  year={2001},
  publisher={Elsevier}
}

@inproceedings{godfrey1992switchboard,
  title={SWITCHBOARD: Telephone speech corpus for research and development},
  author={Godfrey, John J and Holliman, Edward C and McDaniel, Jane},
  booktitle={Acoustics, Speech, and Signal Processing, 1992. ICASSP-92., 1992 IEEE International Conference on},
  volume={1},
  pages={517--520},
  year={1992},
  organization={IEEE}
}

@article{hawkins1999relative,
  title={The relative order of prepositional phrases in English: Going beyond Manner--Place--Time},
  author={Hawkins, John A},
  journal={Language variation and change},
  volume={11},
  number={3},
  pages={231--266},
  year={1999},
  publisher={Cambridge University Press}
}

@book{hawkins2014cross,
  title={Cross-linguistic variation and efficiency},
  author={Hawkins, John A},
  year={2014},
  publisher={OUP Oxford}
}

@article{greenberg1966universals,
  title={Universals of language},
  author={Greenberg, Joseph H},
  year={1966},
  publisher={MIT press}
}

@inproceedings{gulordava2015dependency,
  title={Dependency length minimisation effects in short spans: a large-scale analysis of adjective placement in complex noun phrases.},
  author={Gulordava, Kristina and Merlo, Paola and Crabb{\'e}, Benoit},
  booktitle={ACL (2)},
  pages={477--482},
  year={2015}
}

@article{marcus1993building,
  title={Building a large annotated corpus of English: The Penn Treebank},
  author={Marcus, Mitchell P and Marcinkiewicz, Mary Ann and Santorini, Beatrice},
  journal={Computational linguistics},
  volume={19},
  number={2},
  pages={313--330},
  year={1993},
  publisher={MIT Press}
}

@article{merlo2015predicting,
  title={Predicting word order universals},
  author={Merlo, Paola},
  journal={Journal of Language Modelling},
  volume={3},
  number={2},
  pages={317--344},
  year={2015}
}

@article{futrell2015large,
  title={Large-scale evidence of dependency length minimization in 37 languages},
  author={Futrell, Richard and Mahowald, Kyle and Gibson, Edward},
  journal={Proceedings of the National Academy of Sciences},
  volume={112},
  number={33},
  pages={10336--10341},
  year={2015},
  publisher={National Acad Sciences}
}

@article{levy2013syntactic,
  title={The syntactic complexity of Russian relative clauses},
  author={Levy, Roger and Fedorenko, Evelina and Gibson, Edward},
  journal={Journal of memory and language},
  volume={69},
  number={4},
  pages={461--495},
  year={2013},
  publisher={Elsevier}
}